<record><leader>01164nam a22003251i 4500</leader><controlfield tag="001">000024950</controlfield><controlfield tag="003">MiAaHDL</controlfield><controlfield tag="005">20210817000000.0</controlfield><controlfield tag="006">m        d        </controlfield><controlfield tag="007">cr bn ---auaua</controlfield><controlfield tag="008">880715s1977    vau          f00000 eng  </controlfield><datafield tag="010" ind1=" " ind2=" "><subfield code="a">78601721</subfield></datafield><datafield tag="035" ind1=" " ind2=" "><subfield code="a">(MiU)990000249500106381</subfield></datafield><datafield tag="035" ind1=" " ind2=" "><subfield code="a">sdr-miu.990000249500106381</subfield></datafield><datafield tag="035" ind1=" " ind2=" "><subfield code="a">sdr-pst.a7401066</subfield></datafield><datafield tag="035" ind1=" " ind2=" "><subfield code="a">sdr-pur460978</subfield></datafield><datafield tag="035" ind1=" " ind2=" "><subfield code="a">sdr-umn002954939</subfield></datafield><datafield tag="035" ind1=" " ind2=" "><subfield code="a">(OCoLC)4188494</subfield></datafield><datafield tag="035" ind1=" " ind2=" "><subfield code="a">(OCoLC)3045949</subfield></datafield><datafield tag="035" ind1=" " ind2=" "><subfield code="a">(CaOTULAS)159845120</subfield></datafield><datafield tag="035" ind1=" " ind2=" "><subfield code="a">(RLIN)MIUG16937252-B</subfield></datafield><datafield tag="035" ind1=" " ind2=" "><subfield code="z">(MiU)Aleph000024950</subfield></datafield><datafield tag="040" ind1=" " ind2=" "><subfield code="d">MiU</subfield></datafield><datafield tag="043" ind1=" " ind2=" "><subfield code="a">n-us---</subfield></datafield><datafield tag="050" ind1="0" ind2=" "><subfield code="a">KF1296</subfield><subfield code="b">.G67</subfield></datafield><datafield tag="082" ind1=" " ind2=" "><subfield code="a">346/.73/038</subfield></datafield><datafield tag="110" ind1="2" ind2=" "><subfield code="a">Gordon &amp; Associates.</subfield></datafield><datafield tag="245" ind1="1" ind2="0"><subfield code="a">Product liability :</subfield><subfield code="b">final report of the industry study.</subfield></datafield><datafield tag="260" ind1=" " ind2=" "><subfield code="a">Springfield, VA. :</subfield><subfield code="b">U.S. Dept. of Commerce, National Technical Information Service,</subfield><subfield code="c">[1977]</subfield></datafield><datafield tag="300" ind1=" " ind2=" "><subfield code="a">2 v. ;</subfield><subfield code="c">28 cm.</subfield></datafield><datafield tag="490" ind1="0" ind2=" "><subfield code="a">PB 265 542</subfield></datafield><datafield tag="500" ind1=" " ind2=" "><subfield code="a">"ITFPL-77/04."</subfield></datafield><datafield tag="500" ind1=" " ind2=" "><subfield code="a">"Prepared by Gordon Associates, inc., under contract to the U.S. Department of Commerce, contract no. 6-36244."</subfield></datafield><datafield tag="500" ind1=" " ind2=" "><subfield code="a">At head of title: Interagency Task Force on Product Liability.</subfield></datafield><datafield tag="500" ind1=" " ind2=" "><subfield code="a">Cover title.</subfield></datafield><datafield tag="538" ind1=" " ind2=" "><subfield code="a">Mode of access: Internet.</subfield></datafield><datafield tag="650" ind1=" " ind2="0"><subfield code="a">Products liability</subfield><subfield code="z">United States.</subfield></datafield><datafield tag="710" ind1="1" ind2=" "><subfield code="a">United States.</subfield><subfield code="b">Interagency Task Force on Product Liability.</subfield></datafield><datafield tag="CID" ind1=" " ind2=" "><subfield code="a">000024950</subfield></datafield><datafield tag="DAT" ind1="0" ind2=" "><subfield code="a">20000309000000.0</subfield><subfield code="b">20210817000000.0</subfield></datafield><datafield tag="DAT" ind1="1" ind2=" "><subfield code="a">20210919140713.0</subfield><subfield code="b">2021-09-20T09:21:03Z</subfield></datafield><datafield tag="DAT" ind1="2" ind2=" "><subfield code="a">2020-03-01T18:30:02Z</subfield></datafield><datafield tag="CAT" ind1=" " ind2=" "><subfield code="a">SDR-MIU</subfield><subfield code="d">ALMA</subfield><subfield code="l">prepare.pl-004-008</subfield></datafield><datafield tag="FMT" ind1=" " ind2=" "><subfield code="a">BK</subfield></datafield><datafield tag="HOL" ind1=" " ind2=" "><subfield code="0">sdr-miu.990000249500106381</subfield><subfield code="a">MiU</subfield><subfield code="b">SDR</subfield><subfield code="c">MIU</subfield><subfield code="p">mdp.39015008244405</subfield><subfield code="s">MIU</subfield><subfield code="1">990000249500106381</subfield></datafield><datafield tag="974" ind1=" " ind2=" "><subfield code="b">MIU</subfield><subfield code="c">MIU</subfield><subfield code="d">20210920</subfield><subfield code="s">google</subfield><subfield code="u">mdp.39015008244405</subfield><subfield code="y">1977</subfield><subfield code="r">pd</subfield><subfield code="q">bib</subfield><subfield code="t">US fed doc--NTIS: pubdate &lt; 2016</subfield></datafield><datafield tag="974" ind1=" " ind2=" "><subfield code="8">ia.productliabilit00gord</subfield><subfield code="b">PST</subfield><subfield code="c">IPST</subfield><subfield code="d">20171218</subfield><subfield code="s">ia</subfield><subfield code="u">psia.ark:/13960/t3xs7067n</subfield><subfield code="y">1977</subfield><subfield code="r">pd</subfield><subfield code="q">bib</subfield><subfield code="t">US fed doc--NTIS: pubdate &lt; 2016</subfield></datafield><datafield tag="974" ind1=" " ind2=" "><subfield code="8">ia.productliability00gord</subfield><subfield code="b">PST</subfield><subfield code="c">IPST</subfield><subfield code="d">20171218</subfield><subfield code="s">ia</subfield><subfield code="u">psia.ark:/13960/t15m7gw0x</subfield><subfield code="y">1977</subfield><subfield code="r">pd</subfield><subfield code="q">bib</subfield><subfield code="t">US fed doc--NTIS: pubdate &lt; 2016</subfield></datafield><datafield tag="974" ind1=" " ind2=" "><subfield code="b">PUR</subfield><subfield code="c">PUR</subfield><subfield code="d">20220404</subfield><subfield code="s">google</subfield><subfield code="u">pur1.32754065061727</subfield><subfield code="z">v. 1</subfield><subfield code="y">1977</subfield><subfield code="r">pd</subfield><subfield code="q">bib</subfield><subfield code="t">US fed doc--NTIS: pubdate &lt; 2016</subfield></datafield><datafield tag="974" ind1=" " ind2=" "><subfield code="b">UMN</subfield><subfield code="c">UMN</subfield><subfield code="d">20220216</subfield><subfield code="s">google</subfield><subfield code="u">umn.31951d02932305y</subfield><subfield code="y">1977</subfield><subfield code="r">pd</subfield><subfield code="q">bib</subfield><subfield code="t">US fed doc--NTIS: pubdate &lt; 2016</subfield></datafield><datafield tag="974" ind1=" " ind2=" "><subfield code="b">UMN</subfield><subfield code="c">UMN</subfield><subfield code="d">20220216</subfield><subfield code="s">google</subfield><subfield code="u">umn.31951d02932306w</subfield><subfield code="y">1977</subfield><subfield code="r">pd</subfield><subfield code="q">bib</subfield><subfield code="t">US fed doc--NTIS: pubdate &lt; 2016</subfield></datafield></record>